@article{kh2015,
  title={Measurement of the inclusive 3-jet production differential cross section in proton--proton collisions at 7 TeV and determination of the strong coupling constant in the TeV range},
  author={Khachatryan, Vardan and Sirunyan, AM and Tumasyan, A and Adam, W and Bergauer, T and Dragicevic, M and Er{\"o}, J and Fabjan, C and Friedl, M and Fr{\"u}hwirth, R and others},
  journal={The European Physical Journal C},
  volume={75},
  number={5},
  pages={1--24},
  year={2015},
  publisher={Springer}
}
@article{achard2005,
  title={Measurement of the running of the electromagnetic coupling at large momentum-transfer at LEP},
  author={Achard, Pablo and Adriani, O and Aguilar-Benitez, M and Alcaraz, J and Alemanni, G and Allaby, J and Aloisio, A and Alviggi, MG and Anderhub, H and Andreev, VP and others},
  journal={Physics Letters B},
  volume={623},
  number={1},
  pages={26--36},
  year={2005},
  publisher={Elsevier}
}
@book{lattice,
  title={Lattice QCD at high temperature and density},
  author={Karsch, Frithjof},
  year={2002},
  publisher={Springer}
}
@article{dndeta,
  title={Gauge/string duality, hot QCD and heavy ion collisions},
  author={Casalderrey-Solana, Jorge and Liu, Hong and Mateos, David and Rajagopal, Krishna and Wiedemann, Urs Achim},
  journal={arXiv preprint arXiv:1101.0618},
  year={2011}
}
@article{temp,
  title={Pion, kaon, and proton production in central Pb-Pb collisions at s NN= 2.76 TeV},
  author={Abelev, Betty and Adam, J and Adamov{\'a}, D and Adare, AM and Aggarwal, MM and Rinella, G Aglieri and Agocs, AG and Agostinelli, A and Salazar, S Aguilar and Ahammed, Z and others},
  journal={Physical review letters},
  volume={109},
  number={25},
  pages={252301},
  year={2012},
  publisher={APS}
}
@article{mult,
  title={Centrality dependence of the charged-particle multiplicity density at midrapidity in Pb-Pb collisions at s NN= 2.76 TeV},
  author={Aamodt, Kenneth and Quintana, A Abrahantes and Adamov{\'a}, D and Adare, AM and Aggarwal, MM and Rinella, G Aglieri and Agocs, AG and Salazar, S Aguilar and Ahammed, Z and Ahmad, N and others},
  journal={Physical Review Letters},
  volume={106},
  number={3},
  pages={032301},
  year={2011},
  publisher={APS}
}
@article{multen,
  title={Charged-particle multiplicity density at Midrapidity in central Pb-Pb collisions at s N N= 2.76 TeV},
  author={Aamodt, K and Abelev, B and Quintana, A Abrahantes and Adamova, D and Adare, AM and Aggarwal, MM and Rinella, G Aglieri and Agocs, AG and Salazar, S Aguilar and Ahammed, Z and others},
  journal={Physical review letters},
  volume={105},
  number={25},
  pages={252301},
  year={2010},
  publisher={APS}
}